@article{boccaletti2000,
    title = {The control of chaos: theory and applications},
    author = {Boccaletti, S},
    year = {2000},
    month = {May},
    journal = {Physics Reports},
    publisher = {Elsevier BV},
    volume = {329},
    number = {3},
    pages = {103–197},
    doi = {10.1016/s0370-1573(99)00096-4},
    issn = {0370-1573},
}

@article{brunel2007,
    title = {Lapicque’s 1907 paper: from frogs to integrate-and-fire},
    author = {Brunel, Nicolas and van Rossum, Mark C. W.},
    year = {2007},
    month = {October},
    journal = {Biological Cybernetics},
    publisher = {Springer Science and Business Media LLC},
    volume = {97},
    number = {5–6},
    pages = {337–339},
    doi = {10.1007/s00422-007-0190-0},
    issn = {1432-0770},
}

@article{burkitt2006,
    title = {A Review of the Integrate-and-fire Neuron Model: I. Homogeneous Synaptic Input},
    author = {Burkitt, A. N.},
    year = {2006},
    month = {April},
    journal = {Biological Cybernetics},
    publisher = {Springer Science and Business Media LLC},
    volume = {95},
    number = {1},
    pages = {1–19},
    doi = {10.1007/s00422-006-0068-6},
    issn = {1432-0770},
}

@book{chandler1987,
    title = {Introduction to Modern Statistical Mechanics},
    author = {Chandler, David},
    year = {1987},
    publisher = {Oxford University Press},
    isbn = {9780195042764},
}

@article{chialvo1995,
    title = {Generic excitable dynamics on a two-dimensional map},
    author = {Chialvo, Dante R.},
    year = {1995},
    month = {March},
    journal = {Chaos, Solitons \& Fractals},
    publisher = {Elsevier BV},
    volume = {5},
    number = {3–4},
    pages = {461–479},
    doi = {10.1016/0960-0779(93)e0056-h},
    issn = {0960-0779},
}

@book{cocco2022,
    title = {From Statistical Physics to Data-Driven Modelling: with Applications to Quantitative Biology},
    author = {Cocco, Simona and Monasson, Rémi and Zamponi, Francesco},
    year = {2022},
    month = {September},
    publisher = {Oxford University Press},
    doi = {10.1093/oso/9780198864745.001.0001},
    isbn = {9780191896781},
}

@article{courbage2010,
    title = {MAP BASED MODELS IN NEURODYNAMICS},
    author = {Courbage, M. and Nekorkin, V. I.},
    year = {2010},
    month = {June},
    journal = {International Journal of Bifurcation and Chaos},
    publisher = {World Scientific Pub Co Pte Lt},
    volume = {20},
    number = {06},
    pages = {1631–1651},
    doi = {10.1142/s0218127410026733},
    issn = {1793-6551},
}

@book{dayan2001,
    title = {Theoretical Neuroscience: Computational and Mathematical Modeling of Neural Systems},
    author = {Dayan, Peter and Abbott, Laurence F.},
    year = {2001},
    publisher = {The MIT Press},
    isbn = {9780262041997},
}

@article{feiner1994,
    title = {The Nernst Equation},
    author = {Feiner, A.-S. and McEvoy, A. J.},
    year = {1994},
    month = {June},
    journal = {Journal of Chemical Education},
    publisher = {American Chemical Society (ACS)},
    volume = {71},
    number = {6},
    pages = {493},
    doi = {10.1021/ed071p493},
    issn = {1938-1328},
}

@article{fitzhugh1961,
    title = {Impulses and Physiological States in Theoretical Models of Nerve Membrane},
    author = {FitzHugh, Richard},
    year = {1961},
    month = {July},
    journal = {Biophysical Journal},
    publisher = {Elsevier BV},
    volume = {1},
    number = {6},
    pages = {445–466},
    doi = {10.1016/s0006-3495(61)86902-6},
    issn = {0006-3495},
}

@book{gerstner2002,
    title = {Spiking Neuron Models: Single Neurons, Populations, Plasticity},
    author = {Gerstner, Wulfram and Kistler, Werner M.},
    year = {2002},
    month = {August},
    publisher = {Cambridge University Press},
    doi = {10.1017/cbo9780511815706},
    isbn = {9780511815706},
}

@article{girardi-schappo2013,
    title = {A brief history of excitable map-based neurons and neural networks},
    author = {Girardi-Schappo, M. and Tragtenberg, M. H. R. and Kinouchi, O.},
    year = {2013},
    month = {November},
    journal = {Journal of Neuroscience Methods},
    publisher = {Elsevier BV},
    volume = {220},
    number = {2},
    pages = {116–130},
    doi = {10.1016/j.jneumeth.2013.07.014},
    issn = {0165-0270},
}

@book{graben2008,
    title = {Lectures in Supercomputational Neurosciences: Dynamics in Complex Brain Networks},
    year = {2008},
    journal = {Understanding Complex Systems},
    publisher = {Springer Berlin Heidelberg},
    doi = {10.1007/978-3-540-73159-7},
    isbn = {9783540731580},
    editor = {Graben, Peter beim and Zhou, Changsong and Thiel, Marco and Kurths, Jürgen},
}

@article{hastings1970,
    title = {Monte Carlo sampling methods using Markov chains and their applications},
    author = {Hastings, W. K.},
    year = {1970},
    month = {April},
    journal = {Biometrika},
    publisher = {Oxford University Press (OUP)},
    volume = {57},
    number = {1},
    pages = {97–109},
    doi = {10.1093/biomet/57.1.97},
    issn = {0006-3444},
}

@article{herculano-houzel2009,
    title = {The human brain in numbers: a linearly scaled-up primate brain},
    author = {Herculano-Houzel, Suzana},
    year = {2009},
    journal = {Frontiers in Human Neuroscience},
    publisher = {Frontiers Media SA},
    volume = {3},
    doi = {10.3389/neuro.09.031.2009},
    issn = {1662-5161},
}

@book{hille2001,
    title = {Ion Channels of Excitable Membranes},
    author = {Hille, Bertil},
    year = {2001},
    publisher = {Sinauer},
    address = {Sunderland, Mass},
    isbn = {9780878933211},
    edition = {3rd ed},
}

@article{hodgkin1952,
    title = {A quantitative description of membrane current and its application to conduction and excitation in nerve},
    author = {Hodgkin, A. L. and Huxley, A. F.},
    year = {1952},
    month = {August},
    journal = {The Journal of Physiology},
    publisher = {Wiley},
    volume = {117},
    number = {4},
    pages = {500–544},
    doi = {10.1113/jphysiol.1952.sp004764},
    issn = {1469-7793},
}

@article{hodgkin1952a,
    title = {Measurement of current‐voltage relations in the membrane of the giant axon of Loligo},
    author = {Hodgkin, A. L. and Huxley, A. F. and Katz, B.},
    year = {1952},
    month = {April},
    journal = {The Journal of Physiology},
    publisher = {Wiley},
    volume = {116},
    number = {4},
    pages = {424–448},
    doi = {10.1113/jphysiol.1952.sp004716},
    issn = {1469-7793},
}

@article{hodgkin1952b,
    title = {Currents carried by sodium and potassium ions through the membrane of the giant axon of Loligo},
    author = {Hodgkin, A. L. and Huxley, A. F.},
    year = {1952},
    month = {April},
    journal = {The Journal of Physiology},
    publisher = {Wiley},
    volume = {116},
    number = {4},
    pages = {449–472},
    doi = {10.1113/jphysiol.1952.sp004717},
    issn = {1469-7793},
}

@article{hodgkin1952c,
    title = {The components of membrane conductance in the giant axon of Loligo},
    author = {Hodgkin, A. L. and Huxley, A. F.},
    year = {1952},
    month = {April},
    journal = {The Journal of Physiology},
    publisher = {Wiley},
    volume = {116},
    number = {4},
    pages = {473–496},
    doi = {10.1113/jphysiol.1952.sp004718},
    issn = {1469-7793},
}

@article{hodgkin1952d,
    title = {The dual effect of membrane potential on sodium conductance in the giant axon of Loligo},
    author = {Hodgkin, A. L. and Huxley, A. F.},
    year = {1952},
    month = {April},
    journal = {The Journal of Physiology},
    publisher = {Wiley},
    volume = {116},
    number = {4},
    pages = {497–506},
    doi = {10.1113/jphysiol.1952.sp004719},
    issn = {1469-7793},
}

@article{ibarz2011,
    title = {Map-based models in neuronal dynamics},
    author = {Ibarz, B. and Casado, J.M. and Sanjuán, M.A.F.},
    year = {2011},
    month = {April},
    journal = {Physics Reports},
    publisher = {Elsevier BV},
    volume = {501},
    number = {1–2},
    pages = {1–74},
    doi = {10.1016/j.physrep.2010.12.003},
    issn = {0370-1573},
}

@article{izhikevich2004,
    title = {Which Model to Use for Cortical Spiking Neurons?},
    author = {Izhikevich, E. M.},
    year = {2004},
    month = {September},
    journal = {IEEE Transactions on Neural Networks},
    publisher = {Institute of Electrical and Electronics Engineers (IEEE)},
    volume = {15},
    number = {5},
    pages = {1063–1070},
    doi = {10.1109/tnn.2004.832719},
    issn = {1045-9227},
}

@book{izhikevich2006,
    title = {Dynamical Systems in Neuroscience: The Geometry of Excitability and Bursting},
    author = {Izhikevich, Eugene M.},
    year = {2006},
    publisher = {The MIT Press},
    doi = {10.7551/mitpress/2526.001.0001},
    isbn = {9780262276078},
}

@article{jing2006,
    title = {Bifurcation and chaos in neural excitable system},
    author = {Jing, Zhujun and Yang, Jianping and Feng, Wei},
    year = {2006},
    month = {January},
    journal = {Chaos, Solitons \& Fractals},
    publisher = {Elsevier BV},
    volume = {27},
    number = {1},
    pages = {197–215},
    doi = {10.1016/j.chaos.2005.04.060},
    issn = {0960-0779},
}

@article{kadanoff2009,
    title = {More is the Same; Phase Transitions and Mean Field Theories},
    author = {Kadanoff, Leo P.},
    year = {2009},
    month = {September},
    journal = {Journal of Statistical Physics},
    publisher = {Springer Science and Business Media LLC},
    volume = {137},
    number = {5–6},
    pages = {777–797},
    doi = {10.1007/s10955-009-9814-1},
    issn = {1572-9613},
}

@article{kaneko1992,
    title = {Overview of coupled map lattices},
    author = {Kaneko, Kunihiko},
    year = {1992},
    month = {July},
    journal = {Chaos: An Interdisciplinary Journal of Nonlinear Science},
    publisher = {AIP Publishing},
    volume = {2},
    number = {3},
    pages = {279–282},
    doi = {10.1063/1.165869},
    issn = {1089-7682},
}

@book{landau2021,
    title = {A Guide to Monte Carlo Simulations in Statistical Physics},
    author = {Landau, David and Binder, Kurt},
    year = {2021},
    month = {July},
    publisher = {Cambridge University Press},
    doi = {10.1017/9781108780346},
    isbn = {9781108490146},
}

@article{liu2016,
    title = {Control principles of complex systems},
    author = {Liu, Yang-Yu and Barabási, Albert-László},
    year = {2016},
    month = {September},
    journal = {Reviews of Modern Physics},
    publisher = {American Physical Society (APS)},
    volume = {88},
    number = {3},
    doi = {10.1103/revmodphys.88.035006},
    issn = {1539-0756},
}

@article{metropolis1953,
    title = {Equation of State Calculations by Fast Computing Machines},
    author = {Metropolis, Nicholas and Rosenbluth, Arianna W. and Rosenbluth, Marshall N. and Teller, Augusta H. and Teller, Edward},
    year = {1953},
    month = {June},
    journal = {The Journal of Chemical Physics},
    publisher = {AIP Publishing},
    volume = {21},
    number = {6},
    pages = {1087–1092},
    doi = {10.1063/1.1699114},
    issn = {1089-7690},
}

@article{mezard2001,
    title = {The Bethe lattice spin glass revisited},
    author = {Mézard, M. and Parisi, G.},
    year = {2001},
    month = {March},
    journal = {The European Physical Journal B},
    publisher = {Springer Science and Business Media LLC},
    volume = {20},
    number = {2},
    pages = {217–233},
    doi = {10.1007/pl00011099},
    issn = {1434-6028},
}

@article{mezard2003,
    title = {The Cavity Method at Zero Temperature},
    author = {Mézard, Marc and Parisi, Giorgio},
    year = {2003},
    journal = {Journal of Statistical Physics},
    publisher = {Springer Science and Business Media LLC},
    volume = {111},
    number = {1/2},
    pages = {1–34},
    doi = {10.1023/a:1022221005097},
    issn = {0022-4715},
}

@book{mezard2009,
    title = {Information, Physics, and Computation},
    author = {Mézard, Marc and Montanari, Andrea},
    year = {2009},
    month = {January},
    publisher = {Oxford University Press},
    doi = {10.1093/acprof:oso/9780198570837.001.0001},
    isbn = {9780191718755},
}

@article{moraes2023,
    title = {Self-tuned criticality: Controlling a neuron near its bifurcation point via temporal correlations},
    author = {Moraes, Juliane T. and Trejo, Eyisto J. Aguilar and Camargo, Sabrina and Ferreira, Silvio C. and Chialvo, Dante R.},
    year = {2023},
    month = {March},
    journal = {Physical Review E},
    publisher = {American Physical Society (APS)},
    volume = {107},
    number = {3},
    doi = {10.1103/physreve.107.034204},
    issn = {2470-0053},
}

@article{nagumo1962,
    title = {An Active Pulse Transmission Line Simulating Nerve Axon},
    author = {Nagumo, J. and Arimoto, S. and Yoshizawa, S.},
    year = {1962},
    month = {October},
    journal = {Proceedings of the IRE},
    publisher = {Institute of Electrical and Electronics Engineers (IEEE)},
    volume = {50},
    number = {10},
    pages = {2061–2070},
    doi = {10.1109/jrproc.1962.288235},
    issn = {0096-8390},
}

@book{newman1999,
    title = {Monte Carlo Methods in Statistical Physics},
    author = {Newman, M E J and Barkema, G T},
    year = {1999},
    month = {February},
    publisher = {Oxford University Press},
    doi = {10.1093/oso/9780198517962.001.0001},
    isbn = {9781383023237},
}

@article{pilarczyk2023,
    title = {Topological-numerical analysis of a two-dimensional discrete neuron model},
    author = {Pilarczyk, Paweł and Signerska-Rynkowska, Justyna and Graff, Grzegorz},
    year = {2023},
    month = {April},
    journal = {Chaos: An Interdisciplinary Journal of Nonlinear Science},
    publisher = {AIP Publishing},
    volume = {33},
    number = {4},
    doi = {10.1063/5.0129859},
    issn = {1089-7682},
}

@article{rabinovich2006,
    title = {Dynamical principles in neuroscience},
    author = {Rabinovich, Mikhail I. and Varona, Pablo and Selverston, Allen I. and Abarbanel, Henry D. I.},
    year = {2006},
    month = {November},
    journal = {Reviews of Modern Physics},
    publisher = {American Physical Society (APS)},
    volume = {78},
    number = {4},
    pages = {1213–1265},
    doi = {10.1103/revmodphys.78.1213},
    issn = {1539-0756},
}

@software{sarikhani2024,
    title = {{BPMC}},
    author = {Sarikhani, Mahdi},
    year = {2024},
    publisher = {GitHub},
    url = {https://github.com/mahdisarikhani/bpmc},
}

@book{shaw2017,
    title = {Neural Dynamics of Neurological Disease},
    author = {Shaw, Christopher A.},
    year = {2017},
    month = {February},
    publisher = {Wiley},
    doi = {10.1002/9781118634523},
    isbn = {9781118634523},
}

@inbook{sherwood2014,
    title = {FitzHugh–Nagumo Model},
    author = {Sherwood, William Erik},
    year = {2014},
    booktitle = {Encyclopedia of Computational Neuroscience},
    publisher = {Springer New York},
    pages = {1–11},
    doi = {10.1007/978-1-4614-7320-6_147-1},
    isbn = {9781461473206},
}

@book{trappenberg2022,
    title = {Fundamentals of Computational Neuroscience: Third Edition},
    author = {Trappenberg, Thomas P.},
    year = {2022},
    month = {December},
    publisher = {Oxford University Press},
    doi = {10.1093/oso/9780192869364.001.0001},
    isbn = {9780191965418},
}

@article{trujillo2023,
    title = {Periodic and chaotic dynamics in a map‐based neuron model},
    author = {Trujillo, Frank Llovera and Signerska‐Rynkowska, Justyna and Bartłomiejczyk, Piotr},
    year = {2023},
    month = {February},
    journal = {Mathematical Methods in the Applied Sciences},
    publisher = {Wiley},
    volume = {46},
    number = {11},
    pages = {11906–11931},
    doi = {10.1002/mma.9118},
    issn = {1099-1476},
}

@article{wang2018,
    title = {Mode locking and quasiperiodicity in a discrete-time Chialvo neuron model},
    author = {Wang, Fengjuan and Cao, Hongjun},
    year = {2018},
    month = {March},
    journal = {Communications in Nonlinear Science and Numerical Simulation},
    publisher = {Elsevier BV},
    volume = {56},
    pages = {481–489},
    doi = {10.1016/j.cnsns.2017.08.027},
    issn = {1007-5704},
}

@article{weiss1907,
    title = {L’hypothèse du champ moléculaire et la propriété ferromagnétique},
    author = {Weiss, Pierre},
    year = {1907},
    journal = {Journal de Physique Théorique et Appliquée},
    publisher = {EDP Sciences},
    volume = {6},
    number = {1},
    pages = {661–690},
    doi = {10.1051/jphystap:019070060066100},
    issn = {0368-3893},
}

@article{yedidia2005,
    title = {Constructing Free-Energy Approximations and Generalized Belief Propagation Algorithms},
    author = {Yedidia, J.S. and Freeman, W.T. and Weiss, Y.},
    year = {2005},
    month = {July},
    journal = {IEEE Transactions on Information Theory},
    publisher = {Institute of Electrical and Electronics Engineers (IEEE)},
    volume = {51},
    number = {7},
    pages = {2282–2312},
    doi = {10.1109/tit.2005.850085},
    issn = {0018-9448},
}

@article{zdeborova2016,
    title = {Statistical physics of inference: thresholds and algorithms},
    author = {Zdeborová, Lenka and Krzakala, Florent},
    year = {2016},
    month = {August},
    journal = {Advances in Physics},
    publisher = {Informa UK Limited},
    volume = {65},
    number = {5},
    pages = {453–552},
    doi = {10.1080/00018732.2016.1211393},
    issn = {1460-6976},
}
